<?xml version="1.0" encoding="UTF-8"?><collection xmlns="http://www.loc.gov/MARC21/slim"><record><leader>00480nam--2200169-i-4500</leader><controlfield tag="001">000010242</controlfield><controlfield tag="002">20161230</controlfield><controlfield tag="005">20161230201028</controlfield><controlfield tag="008">060222s1000------------r-----000-0-rum-d</controlfield><datafield ind1=" " ind2=" " tag="040"><subfield code="a">IFIN-HH</subfield></datafield><datafield ind1=" " ind2=" " tag="041"><subfield code="a">rum</subfield></datafield><datafield ind1=" " ind2=" " tag="080"><subfield code="a">535.853</subfield></datafield><datafield ind1="1" ind2=" " tag="100"><subfield code="a">Delibas, Mihai G</subfield></datafield><datafield ind1="1" ind2="0" tag="245"><subfield code="a">Contributii la tehnica spectroscopiei atomice de absorbtie</subfield><subfield code="b">Rezumatul tezei</subfield><subfield code="c">Mihai g. delibas</subfield></datafield><datafield ind1=" " ind2=" " tag="260"><subfield code="a">Iasi</subfield><subfield code="b">Universitatea Al.I.Cuza</subfield><subfield code="c">1971</subfield></datafield><datafield ind1=" " ind2=" " tag="852"><subfield code="a">35659</subfield><subfield code="c">535.33</subfield></datafield><datafield ind1=" " ind2=" " tag="CAT"><subfield code="a">Sys</subfield><subfield code="c">20101206</subfield><subfield code="h">102304</subfield></datafield></record></collection>